
@article{hep-ph/0011222,
    author = "Catani, Stefano and Dittmaier, Stefan and Trocsanyi, Zoltan",
    title = "{One loop singular behavior of QCD and SUSY QCD amplitudes with massive partons}",
    eprint = "hep-ph/0011222",
    archivePrefix = "arXiv",
    reportNumber = "CERN-TH-2000-336, BI-TP-2000-29",
    doi = "10.1016/S0370-2693(01)00065-X",
    journal = "Phys. Lett. B",
    volume = "500",
    pages = "149--160",
    year = "2001"
}

@article{hep-ph/0201036,
    author = "Catani, Stefano and Dittmaier, Stefan and Seymour, Michael H. and Trocsanyi, Zoltan",
    title = "{The Dipole formalism for next-to-leading order QCD calculations with massive partons}",
    eprint = "hep-ph/0201036",
    archivePrefix = "arXiv",
    reportNumber = "CERN-TH-2001-305, DESY-01-099",
    doi = "10.1016/S0550-3213(02)00098-6",
    journal = "Nucl. Phys. B",
    volume = "627",
    pages = "189--265",
    year = "2002"
}

@online{bnlweb,
	url= {https://www.g-2.bnl.gov/}
}
@online{edhes,
	url= {https://www.spektrum.de/lexikon/physik/einstein-de-haas-versuch/3785},
	}
@online{myonprod,
	url={http://www.physics.adelaide.edu.au/astrophysics/theory/interactions.html}
	}
@online{piondecay,
	url = {http://musr.ca/intro/musr/cap/pidk.htm}
	}
@online{muondecay,
	url= {http://cmms.triumf.ca/intro/musr/cap/mudk.htm}
	}
@online{bnl,
	url = {https://www.slac.stanford.edu/econf/C040802/papers/TUT007.PDF},
	}
@online{heidel,
	url = {https://www.physi.uni-heidelberg.de/~menzemer/PP_SS2012/MagMom.pdf}
	}
@Article{theo,
	doi= {10.1146/annurev.nucl.54.070103.181204},
	url={https://doi.org/10.1146/annurev.nucl.54.070103.181204}
}
@online{heidel,
url= {https://www.physi.uni-heidelberg.de/~menzemer/PP_SS2012/MagMom.pdf}
}
@online{ nath,
	url={http://muse.lnf.infn.it/wp-content/uploads/2018/12/nath_seminar_2018_univ.pdf}
}
@online{qedc,
	url= {https://indico.fnal.gov/event/7309/contribution/0/material/0/0.pdf}
}
@online{hertzog,
	url = {https://conf.slac.stanford.edu/siddrellsymposium/sites/siddrellsymposium-conf.slac.stanford.edu/files/Hertzog.pdf}
}
@online{fnalweb,
	url = {https://muon-g-2.fnal.gov/}
	}
@techreport{muone,
      author        = "Abbiendi, G",
      title         = "{Letter of Intent: the MUonE project}",
      institution   = "CERN",
      address       = "Geneva",
      number        = "CERN-SPSC-2019-026. SPSC-I-252",
      month         = "Jun",
      year          = "2019",
      reportNumber  = "CERN-SPSC-2019-026",
      url           = "https://cds.cern.ch/record/2677471",
      note          = "The collaboration has not yet a structure, therefore the
                       names above are for the moment an indication of contacts.",
}
@article{cyclo,
Author = {Simon Zaremba and Wiel Kleeven},
Title = {Cyclotrons: Magnetic Design and Beam Dynamics},
Year = {2018},
Eprint = {arXiv:1804.08961},
Howpublished = {CERN Yellow Report CERN-2017-004-SP pp. 177-239},
Doi = {10.23730/CYRSP-2017-001.177},
}
@article{edhe,
author = {Matsuo, Mamoru and Ieda, Jun'ichi and Maekawa, Sadamichi},
year = {2015},
month = {07},
pages = {},
title = {Mechanical generation of spin current},
volume = {3},
journal = {Frontiers in Physics},
doi = {10.3389/fphy.2015.00054}
}
@Article{scipost,
	title={{Status of the Muon g-2 experiment at Fermilab}},
	author={A. Driutti for the Muon g-2 Collaboration},
	journal={SciPost Phys. Proc.},
	issue={1},
	pages={33},
	year={2019},
	publisher={SciPost},
	doi={10.21468/SciPostPhysProc.1.033},
	url={https://scipost.org/10.21468/SciPostPhysProc.1.033},
}
@misc{kek2,
Author = {M. Abe and S. Bae and G. Beer and G. Bunce and H. Choi and S. Choi and M. Chung and W. da Silva and S. Eidelman and M. Finger and Y. Fukao and T. Fukuyama and S. Haciomeroglu and K. Hasegawa and K. Hayasaka and N. Hayashizaki and H. Hisamatsu and T. Iijima and H. Iinuma and K. Inami and H. Ikeda and M. Ikeno and K. Ishida and T. Itahashi and M. Iwasaki and Y. Iwashita and Y. Iwata and R. Kadono and S. Kamal and T. Kamitani and S. Kanda and F. Kapusta and K. Kawagoe and N. Kawamura and R. Kitamura and B. Kim and Y. Kim and T. Kishishita and H. Ko and T. Kohriki and Y. Kondo and T. Kume and M. J. Lee and S. Lee and W. Lee and G. M. Marshall and Y. Matsuda and T. Mibe and Y. Miyake and T. Murakami and K. Nagamine and H. Nakayama and S. Nishimura and D. Nomura and T. Ogitsu and S. Ohsawa and K. Oide and Y. Oishi and S. Okada and A. Olin and Z. Omarov and M. Otani and G. Razuvaev and A. Rehman and N. Saito and N. F. Saito and K. Sasaki and O. Sasaki and N. Sato and Y. Sato and Y. K. Semertzidis and H. Sendai and Y. Shatunov and K. Shimomura and M. Shoji and B. Shwartz and P. Strasser and Y. Sue and T. Suehara and C. Sung and K. Suzuki and T. Takatomi and M. Tanaka and J. Tojo and Y. Tsutsumi and T. Uchida and K. Ueno and S. Wada and E. Won and H. Yamaguchi and T. Yamanaka and A. Yamamoto and T. Yamazaki and H. Yasuda and M. Yoshida and T. Yoshioka},
Title = {A New Approach for Measuring the Muon Anomalous Magnetic Moment and Electric Dipole Moment},
Year = {2019},
Eprint = {arXiv:1901.03047},
}
@article{fullbnl,
Author = { Muon and  Collaboration and  : and G. W. Bennett},
Title = {Final Report of the Muon E821 Anomalous Magnetic Moment Measurement at BNL},
Year = {2006},
Eprint = {arXiv:hep-ex/0602035},
Howpublished = {Phys.Rev.D73:072003,2006},
Doi = {10.1103/PhysRevD.73.072003},
}
@article{jeger,
Author = {Fred Jegerlehner},
Title = {The Muon g-2 in Progress},
Year = {2018},
Eprint = {arXiv:1804.07409},
Doi = {10.5506/APhysPolB.49.1157},
}

@article{fullg2,
Author = {James P. Miller and Eduardo de Rafael and B. Lee Roberts},
Title = {Muon g-2: Review of Theory and Experiment},
Year = {2007},
Eprint = {arXiv:hep-ph/0703049},
Howpublished = {Rept.Prog.Phys.70:795,2007},
Doi = {10.1088/0034-4885/70/5/R03},
}

@misc{theoall,
Author = {W. Gohn},
Title = {The muon g-2 experiment at Fermilab},
Year = {2016},
Eprint = {arXiv:1611.04964},
}
